% Encoding: UTF-8

@Article{GKPS10,
  author  = {Grant, S. and Kajii, A. and Polak, B. and Safra, Z.},
  title   = {Generalized {U}tilitarianism and {H}arsanyi's {I}mpartial {O}bserver {T}heorem},
  journal = {Econometrica},
  year    = {2010},
  volume  = {78},
  number  = {6},
  pages   = {1939--1971},
}

@Article{Schmeidler89,
  author  = {Schmeidler, D.},
  title   = {Subjective {P}robability and {E}xpected {U}tility without {A}dditivity},
  journal = {Econometrica},
  year    = {1989},
  volume  = {57},
  number  = {3},
  pages   = {571--587},
}

@Article{Maccheroni02,
  author  = {Maccheroni, F.},
  title   = {Maxmin under {R}isk},
  journal = {Economic Theory},
  year    = {2002},
  volume  = {19},
  number  = {4},
  pages   = {823--831},
}

@Article{Harsanyi55,
  author  = {Harsanyi, J.},
  title   = {Cardinal {W}elfare, {I}ndividualistic {E}thics, and {I}nterpersonal {C}omparison of {U}tility},
  journal = {Journal of Political Economy},
  year    = {1955},
  volume  = {63},
  number  = {4},
  pages   = {309--321},
}

@Article{Diamond67,
  author  = {Diamond, P.},
  title   = {Cardinal {W}elfare, {I}ndividualistic {E}thics, and {I}nterpersonal {C}omparison of {U}tility: {C}omment},
  journal = {Journal of Political Economy},
  year    = {1967},
  volume  = {75},
  number  = {5},
  pages   = {765--766},
}

@Article{AA63,
  author  = {Anscombe, F. and Aumann, R.},
  title   = {A {D}efinition of {S}ubjective {P}robability},
  journal = {Annals of Mathematical Statistics},
  year    = {1963},
  volume  = {34},
  number  = {1},
  pages   = {199--205},
}

@Article{Neilson10,
  author  = {Neilson, W.},
  title   = {A {S}implified {A}xiomatic {A}pproach to {A}mbiguity {A}version},
  journal = {Journal of Risk and Uncertainty},
  year    = {2010},
  volume  = {41},
  number  = {2},
  pages   = {113--124},
}

@Article{Saito13,
  author  = {Saito, K.},
  title   = {Social {P}references under {R}isk: {E}quality of {O}pportunity versus {E}quality of {O}utcome},
  journal = {American Economic Review},
  year    = {2013},
  volume  = {103},
  number  = {7},
  pages   = {3084--3101},
}

@Article{Fleurbaey10,
  author  = {Fleurbaey, M.},
  title   = {Assessing {R}isky {S}ocial {S}ituations},
  journal = {Journal of Political Economy},
  year    = {2010},
  volume  = {118},
  number  = {4},
  pages   = {649--680},
}

@Article{GKPS12,
  author  = {Grant, S. and Kajii, A. and Polak, B. and Safra, Z.},
  title   = {Equally-{D}istributed {E}quivalent {U}tility, {E}x {P}ost {E}galitarianism and {U}tilitarianism},
  journal = {Journal of Economic Theory},
  year    = {2012},
  volume  = {147},
  number  = {4},
  pages   = {1545--1571},
}

@Article{GilboaSchmeidler89,
  author  = {Gilboa, I. and Schmeidler, D.},
  title   = {Maxmin {E}xpected {U}tility with {N}on-{U}nique {P}rior},
  journal = {Journal of Mathematical Economics},
  year    = {1989},
  volume  = {18},
  number  = {2},
  pages   = {141--153},
}

@Article{Nau06,
  author  = {Nau, F.},
  title   = {Uncertainty {A}version with {S}econd-{O}rder {U}tilities and {P}robabilities},
  journal = {Management Science},
  year    = {2006},
  volume  = {52},
  number  = {1},
  pages   = {136--145},
}

@Article{ErginGul09,
  author  = {Ergin, H. and Gul, F.},
  title   = {A {T}heory of {S}ubjective {C}ompound {L}otteries},
  journal = {Journal of Economic Theory},
  year    = {2009},
  volume  = {144},
  number  = {3},
  pages   = {899--929},
}

@Article{CMMM11,
  author  = {Cerreia-Vioglio, S. and Maccheroni, F. and Marinacci, M. and Montrucchio, L.},
  title   = {Uncertainty {A}verse {P}references},
  journal = {Journal of Economic Theory},
  year    = {2011},
  volume  = {146},
  number  = {4},
  pages   = {1275--1330},
}

@Article{Saito15,
  author  = {Saito, K.},
  title   = {Preferences for {F}lexibility and {R}andomization under {U}ncertainty},
  journal = {American Economic Review},
  year    = {2015},
  volume  = {105},
  number  = {3},
  pages   = {1246--1271},
}

@Book{Fishburn70,
  title     = {Utility {T}heory for {D}ecision {M}aking},
  publisher = {John Wiley \& Sons},
  year      = {1970},
  author    = {Fishburn, P.},
}

@Article{Border85,
  author  = {Border, K.},
  title   = {More on {H}arsanyi's {U}tilitarian {C}ardinal {W}elfare {T}heorem},
  journal = {Social Choice and Welfare},
  year    = {1985},
  volume  = {1},
  number  = {4},
  pages   = {279--281},
}

@Article{Fishburn84,
  author  = {Fishburn, P.},
  title   = {On {H}arsanyi's {U}tilitarian {C}ardinal {W}elfare {T}heorem},
  journal = {Theory and Decision},
  year    = {1984},
  volume  = {17},
  number  = {1},
  pages   = {21--28},
}

@InBook{Weymark94,
  chapter   = {Harsanyi's {S}ocial {A}ggregation {T}heorem with {A}lternative {P}areto {P}rinciples},
  pages     = {869--887},
  title     = {Models and Measurement of Welfare and Inequality},
  publisher = {Springer},
  year      = {1994},
  author    = {Weymark, J.},
}

@Article{DeMeyerMongin95,
  author  = {De Meyer, B. and Mongin, P.},
  title   = {A {N}ote on {A}ffine {A}ggregation},
  journal = {Economics Letters},
  year    = {1995},
  volume  = {47},
  number  = {2},
  pages   = {177--183},
}

@Article{GajdosMaurin04,
  author  = {Gajdos, T. and Maurin, E.},
  title   = {Unequal {U}ncertainties and {U}ncertain {I}nequalities: {A}n {A}xiomatic {A}pproach},
  journal = {Journal of Economic Theory},
  year    = {2004},
  volume  = {116},
  number  = {1},
  pages   = {93--118},
}

@Article{Ben-PorathGilboaSchmeidler97,
  author  = {Ben-Porath, E. and Gilboa, I. and Schmeidler, D.},
  title   = {On the {M}easurement of {I}nequality under {U}ncertainty},
  journal = {Journal of Economic Theory},
  year    = {1997},
  volume  = {75},
  number  = {1},
  pages   = {194--204},
}

@Article{OkZhou00,
  author  = {Ok, E. and Zhou, L.},
  title   = {The {C}hoquet {B}argaining {S}olutions},
  journal = {Games and Economic Behavior},
  year    = {2000},
  volume  = {33},
  number  = {2},
  pages   = {249--264},
}

@Article{BlackorbyBossertDonaldson94,
  author  = {Blackorby, C. and Bossert, W. and Donaldson, D.},
  title   = {Generalized {G}inis and {C}ooperative {B}argaining {S}olutions},
  journal = {Econometrica},
  year    = {1994},
  volume  = {62},
  number  = {5},
  pages   = {1161--1178},
}

@Article{Weymark80,
  author  = {Weymark, J.},
  title   = {Generalized {G}ini {I}nequality {I}ndices},
  journal = {Mathematical Social Sciences},
  year    = {1980},
  volume  = {1},
  number  = {4},
  pages   = {409--430},
}

@Article{DonaldsonWeymark80,
  author  = {Donaldson, D. and Weymark, J.},
  title   = {A {S}ingle-{P}arameter {G}eneralization of the {G}ini {I}ndices of {I}nequality},
  journal = {Journal of Economic Theory},
  year    = {1980},
  volume  = {22},
  number  = {1},
  pages   = {67--86},
}

@Article{Bossert90,
  author  = {Bossert, W.},
  title   = {An {A}xiomatization of the {S}ingle-{S}eries {G}inis},
  journal = {Journal of Economic Theory},
  year    = {1990},
  volume  = {50},
  number  = {1},
  pages   = {82--92},
}

@Article{Ellsberg61,
  author  = {Ellsberg, D.},
  title   = {Risk, {A}mbiguity, and the {S}avage {A}xioms},
  journal = {Quarterly Journal of Economics},
  year    = {1961},
  volume  = {75},
  number  = {4},
  pages   = {643--669},
}

@Book{Debreu59,
  title     = {Theory of {V}alue},
  publisher = {Yale University Press},
  year      = {1959},
  author    = {Debreu, G.},
}

@Article{Raiffa61,
  author  = {Raiffa, H.},
  title   = {Risk, {A}mbiguity, and the {S}avage {A}xioms: {C}omment},
  journal = {Quarterly Journal of Economics},
  year    = {1961},
  volume  = {75},
  number  = {4},
}

@Article{Wolitzky16,
  author  = {Wolitzky, A.},
  title   = {Mechanism {D}esign with {M}axmin {A}gents: {T}heory and an {A}pplication to {B}ilateral {T}rade},
  journal = {Theoretical Economics},
  year    = {2016},
  volume  = {11},
  number  = {3},
  pages   = {971--1004},
}

@Article{DeCastroYannelis10,
  author  = {De Castro, L. and Yannelis, N.},
  title   = {Ambiguity {A}version {S}olves the {C}onflict {B}etween {E}fficiency and {I}ncentive {C}ompatibility},
  journal = {mimeo},
  year    = {2010},
}

@Article{Bodoh-Creed12,
  author  = {Bodoh-Creed, A.},
  title   = {Ambiguous {B}eliefs and {M}echanism {D}esign},
  journal = {Games and Economic Behavior},
  year    = {2012},
  volume  = {75},
  number  = {2},
  pages   = {518--537},
}

@Article{DiTillioKosMessner17,
  author  = {Di Tillio, A. and Kos, N. and Messner, M.},
  title   = {The {D}esign of {A}mbiguous {M}echanisms},
  journal = {Review of Economic Studies},
  year    = {2017},
  volume  = {84},
  number  = {1},
  pages   = {237--276},
}

@Article{Seo09,
  author  = {Seo, K.},
  title   = {Ambiguity and {S}econd-{O}rder {B}elief},
  journal = {Econometrica},
  year    = {2009},
  volume  = {77},
  number  = {5},
  pages   = {1575--1605},
}

@Article{Gollier11,
  author  = {Gollier, C.},
  title   = {Portfolio {C}hoices and {A}sset {P}rices: {T}he {C}omparative {S}tatics of {A}mbiguity {A}version},
  journal = {Review of Economic Studies},
  year    = {2011},
  volume  = {78},
  number  = {4},
  pages   = {1329--1344},
}

@Article{JuMiao12,
  author  = {Ju, N. and Miao, J.},
  title   = {Ambiguity, {L}earning, and {A}sset {R}eturns},
  journal = {Econometrica},
  year    = {2012},
  volume  = {80},
  number  = {2},
  pages   = {559--591},
}

@Article{MaccheroniMarinacciRuffino13,
  author  = {Maccheroni, F. and Marinacci, M. and Ruffino, D.},
  title   = {Alpha as {A}mbiguity: {R}obust {M}ean-{V}ariance {P}ortfolio {A}nalysis},
  journal = {Econometrica},
  year    = {2013},
  volume  = {81},
  number  = {3},
  pages   = {1075--1113},
}

@Article{Skiadas13,
  author  = {Skiadas, C.},
  title   = {Smooth {A}mbiguity {A}version toward {S}mall {R}isks and {C}ontinuous-{T}ime {R}ecursive {U}tility},
  journal = {Journal of Political Economy},
  year    = {2013},
  volume  = {121},
  number  = {4},
  pages   = {775--792},
}

@Article{Jahan-ParvarLiu14,
  author  = {Jahan-Parvar, M. and Liu, H.},
  title   = {Ambiguity {A}version and {A}sset {P}rices in {P}roduction {E}conomies},
  journal = {Review of Financial Studies},
  year    = {2014},
  volume  = {27},
  number  = {10},
  pages   = {3060--3097},
}

@Article{KlibanoffMarinacciMukerji05,
  author  = {Klibanoff, P. and Marinacci, M. and Mukerji, S.},
  title   = {A {S}mooth {M}odel of {D}ecision {M}aking {U}nder {A}mbiguity},
  journal = {Econometrica},
  year    = {2005},
  volume  = {73},
  number  = {6},
  pages   = {1849--1892},
}

@Article{Neilson93,
  author  = {Neilson, W.},
  title   = {Ambiguity {A}version: {A}n {A}xiomatic {A}pproach {U}sing {S}econd {O}rder {P}robabilities},
  journal = {mimeo},
  year    = {1993},
}

@Article{MaccheroniMarinacciRustichini06,
  author  = {Maccheroni, F. and Marinacci, M. and Rustichini, A.},
  title   = {Ambiguity {A}version, {R}obustness, and the {V}ariational {R}epresentation of {P}references},
  journal = {Econometrica},
  year    = {2006},
  volume  = {74},
  number  = {6},
  pages   = {1447--1498},
}

@Article{EpsteinZhang01,
  author  = {Epstein, L. and Zhang, J.},
  title   = {Subjective {P}robabilities on {S}ubjectively {U}nambiguous {E}vents},
  journal = {Econometrica},
  year    = {2001},
  volume  = {69},
  number  = {2},
  pages   = {265--306},
}

@Article{Siniscalchi09,
  author  = {Siniscalchi, M.},
  title   = {Vector {E}xpected {U}tility and {A}ttitudes Toward {V}ariation},
  journal = {Econometrica},
  year    = {2009},
  volume  = {77},
  number  = {3},
  pages   = {801--855},
}

@Article{GhirardatoMarinacci01,
  author  = {Ghirardato, P. and Marinacci, M.},
  title   = {Risk, {A}mbiguity and the {S}eparation of {U}tility and {B}eliefs},
  journal = {Mathematics of Operations Research},
  year    = {2001},
  volume  = {26},
  number  = {4},
  pages   = {864--890},
}

@Article{Olszewski07,
  author  = {Olszewski, W.},
  title   = {Preferences {O}ver {S}ets of {L}otteries},
  journal = {Review of Economic Studies},
  year    = {2007},
  volume  = {74},
  number  = {2},
  pages   = {567--595},
}

@Article{Ahn08,
  author  = {Ahn, D.},
  title   = {Ambiguity without a {S}tate {S}pace},
  journal = {Review of Economic Studies},
  year    = {2008},
  volume  = {75},
  number  = {1},
  pages   = {3--28},
}

@Article{EpsteinMarinacciSeo07,
  author  = {Epstein, L. and Marinacci, M. and Seo, K.},
  title   = {Coarse {C}ontingencies and {A}mbiguity},
  journal = {Theoretical Economics},
  year    = {2007},
  volume  = {2},
  number  = {4},
  pages   = {355--394},
}

@Article{EichbergerGrantKelsey16,
  author  = {Eichberger, J. and Grant, S. and Kelsey, D.},
  title   = {Randomization and {D}ynamic {C}onsistency},
  journal = {Economic Theory},
  year    = {2016},
  volume  = {62},
  number  = {3},
  pages   = {547--566},
}

@Article{Kuzmics17,
  author  = {Kuzmics, C.},
  title   = {Abraham {W}ald’s {C}omplete {C}lass {T}heorem and {K}nightian {U}ncertainty},
  journal = {Games and Economic Behavior},
  year    = {2017},
  volume  = {104},
  pages   = {666--673},
}

@Article{Cerreia-VioglioDillenbergerOrtoleva15,
  author  = {Cerreia-Vioglio, S. and Dillenberger, D. and Ortoleva, P.},
  title   = {Cautious {E}xpected {U}tility and the {C}ertainty {E}ffect},
  journal = {Econometrica},
  year    = {2015},
  volume  = {83},
  number  = {2},
  pages   = {693--728},
}

@Article{AgranovOrtoleva17,
  author  = {Agranov, M. and Ortoleva, P.},
  title   = {Stochastic {C}hoice and {P}references for {R}andomization},
  journal = {Journal of Political Economy},
  year    = {2017},
  volume  = {125},
  number  = {1},
  pages   = {40--68},
}

@Article{Kreps79,
  author  = {Kreps, D.},
  title   = {A {R}epresentation {T}heorem for ``Preference for {F}lexibility''},
  journal = {Econometrica},
  year    = {1979},
  volume  = {47},
  number  = {3},
  pages   = {565--577},
}

@Article{StatmanThorleyVorkink06,
  author  = {Statman, M. and Thorley, S. and Vorkink, K.},
  title   = {Investor {O}verconfidence and {T}rading {V}olume},
  journal = {Review of Financial Studies},
  year    = {2006},
  volume  = {19},
  number  = {4},
  pages   = {1531--1565},
}

@Article{BarberOdean00,
  author  = {Barber, B. and Odean, T.},
  title   = {Trading {I}s {H}azardous to {Y}our {W}ealth: {T}he {C}ommon {S}tock {I}nvestment {P}erformance of {I}ndividual {I}nvestors},
  journal = {Journal of Finance},
  year    = {2000},
  volume  = {55},
  number  = {2},
  pages   = {773--806},
}

@Article{YatesZukowski76,
  author  = {Yates, F. and Zukowski, L.},
  title   = {Characterization of {A}mbiguity in {D}ecision {M}aking},
  journal = {Behavioral Science},
  year    = {1976},
  volume  = {21},
  number  = {1},
  pages   = {19--25},
}

@Article{ChowSarin02,
  author  = {Chow, C. and Sarin, R.},
  title   = {Known, {U}nknown and {U}nknowable {U}ncertainties},
  journal = {Theory and Decision},
  year    = {2002},
  volume  = {52},
  number  = {2},
  pages   = {127--138},
}

@Article{Halevy07,
  author  = {Halevy, Y.},
  title   = {Ellsberg {R}evisited: {A}n {E}xperimental {S}tudy},
  journal = {Econometrica},
  year    = {2007},
  volume  = {75},
  number  = {2},
  pages   = {503--536},
}

@Article{HalevyFeltkamp05,
  author  = {Halevy, Y. and Feltkamp, V.},
  title   = {A {B}ayesian {A}pproach to {U}ncertainty {A}version},
  journal = {Review of Economic Studies},
  year    = {2005},
  volume  = {72},
  number  = {2},
  pages   = {449--466},
}

@Article{DwengerKublerWeizsacker16,
  author  = {Dwenger, N. and K\"{u}bler, D. and Weizs\"{a}cker, G.},
  title   = {Flipping a {C}oin: {E}vidence from {L}aboratory and {F}ield},
  journal = {Journal of Public Economics},
  year    = {2018},
  volume  = {167},
  pages   = {240--250},
}

@Article{TakeokaUi17,
  author  = {Takeoka, N. and Ui, T.},
  title   = {State-{W}ise {D}ominance and {S}ubjective {P}robabilities},
  journal = {mimeo},
  year    = {2017},
}

@Article{Thurstone27,
  author  = {Thurstone, Louis L.},
  title   = {A {L}aw of {C}omparative {J}udgment},
  journal = {Psychological Review},
  year    = {1927},
  volume  = {34},
  number  = {4},
  pages   = {273--286},
}

@Article{McKelveyPalfrey95,
  author  = {McKelvey, Richard D. and Palfrey, Thomas R.},
  title   = {Quantal {R}esponse {E}quilibria for {N}ormal {F}orm {G}ames},
  journal = {Games and Economic Behavior},
  year    = {1995},
  volume  = {10},
  number  = {1},
  pages   = {6--38},
}

@Article{McKelveyPalfrey98,
  author  = {McKelvey, Richard D. and Palfrey, Thomas R.},
  title   = {Quantal {R}esponse {E}quilibria for {E}xtensive {F}orm {G}ames},
  journal = {Experimental Economics},
  year    = {1998},
  volume  = {1},
  number  = {1},
  pages   = {9--41},
}

@InBook{McFadden73,
  chapter   = {4: Conditional {L}ogit {A}nalysis of {Q}ualitative {C}hoice {B}ehavior},
  pages     = {105--142},
  title     = {Frontiers in Econometrics},
  publisher = {Academic Press: New York},
  year      = {1973},
  author    = {McFadden, Daniel},
}

@Book{Train09,
  title     = {Discrete {C}hoice {M}ethods with {S}imulation},
  publisher = {Cambridge University Press},
  year      = {2009},
  author    = {Train, Kenneth E.},
}

@Article{FudenbergStrzalecki15,
  author  = {Fudenberg, Drew and Strzalecki, Tomasz},
  title   = {Dynamic {L}ogit with {C}hoice {A}version},
  journal = {Econometrica},
  year    = {2015},
  volume  = {83},
  number  = {2},
  pages   = {651--691},
}

@Article{ChenFriedmanThisse97,
  author  = {Chen, Hsiao-Chi and Friedman, James W. and Thisse, Jacques-Fran\c{c}ois},
  title   = {Boundedly {R}ational {N}ash {E}quilibrium: {A} {P}robabilistic {C}hoice {A}pproach},
  journal = {Games and Economic Behavior},
  year    = {1997},
  volume  = {18},
  number  = {1},
  pages   = {32--54},
}

@Article{KrepsPorteus78,
  author  = {Kreps, David M. and Porteus, Evan L.},
  title   = {Temporal {R}esolution of {U}ncertainty and {D}ynamic {C}hoice {T}heory},
  journal = {Econometrica},
  year    = {1978},
  volume  = {46},
  number  = {1},
  pages   = {185--200},
}

@Book{Luce59,
  title     = {Individual {C}hoice {B}ehavior: {A} {T}heoretical {A}nalysis},
  publisher = {John Wiley \& Sons},
  year      = {1959},
  author    = {Luce, R. Duncan},
}

@Article{HofbauerSandholm02,
  author  = {Hofbauer, Josef and Sandholm, William H.},
  title   = {On the {G}lobal {C}onvergence of {S}tochastic {F}ictitious {P}lay},
  journal = {Econometrica},
  year    = {2002},
  volume  = {70},
  number  = {6},
  pages   = {2265--2294},
}

@Article{GNP14,
  author  = {Gul, Faruk and Natenzon, Paulo and Pesendorfer, Wolfgang},
  title   = {Random {C}hoice as {B}ehavioral {O}ptimization},
  journal = {Econometrica},
  year    = {2014},
  volume  = {82},
  number  = {5},
  pages   = {1873--1912},
}

@Article{Debreu60,
  author  = {Debreu, Gerard},
  title   = {Review of `{I}ndividual {C}hoice {B}ehavior: {A} {T}heoretical {A}nalysis' by {R}. {D}uncan. {L}uce},
  journal = {American Economic Review},
  year    = {1960},
  volume  = {50},
  number  = {1},
  pages   = {186--188},
}

@Article{FudenbergIijimaStrzalecki15,
  author  = {Fudenberg, Drew and Iijima, Ryota and Strzalecki, Tomasz},
  title   = {Stochastic {C}hoice and {R}evealed {P}erturbed {U}tility},
  journal = {Econometrica},
  year    = {2015},
  volume  = {83},
  number  = {6},
  pages   = {2371--2409},
}

@Article{GhirardatoMaccheroniMarinacci04,
  author  = {Ghirardato, Paolo and Maccheroni, Fabio and Marinacci, Massimo},
  title   = {Differentiating {A}mbiguity and {A}mbiguity {A}ttitude},
  journal = {Journal of Economic Theory},
  year    = {2004},
  volume  = {118},
  number  = {2},
  pages   = {133--173},
}

@Article{Blackwell53,
  author  = {Blackwell, D.},
  title   = {Equivalent {C}omparisons of {E}xperiments},
  journal = {Annals of Mathematical Statistics},
  year    = {1953},
  volume  = {24},
  number  = {2},
  pages   = {265--272},
}

@Article{WeibullMattssonVoorneveld07,
  author  = {Weibull, J. and Mattsson, L. and Voorneveld, M.},
  title   = {Better {M}ay {B}e {W}orse: {S}ome {M}onotonicity {R}esults and {P}aradoxes in {D}iscrete {C}hoice under {U}ncertainty},
  journal = {Theory and Decision},
  year    = {2007},
  volume  = {63},
  number  = {2},
  pages   = {121--151},
}

@InBook{BlockMarschak60,
  chapter   = {7 {R}andom {O}rderings and {S}tochastic {T}heories of {R}esponses},
  pages     = {97--132},
  title     = {Contributions to Probability and Statistics},
  publisher = {Stanford University Press},
  year      = {1960},
  author    = {Block, Henry D. and Jacob Marschak},
}

@Book{Aczel66,
  title     = {Lectures on Functional Equations and Their Applications},
  publisher = {Academic Press},
  year      = {1966},
  author    = {Acz\'{e}l, J\'{a}nos},
  volume    = {19},
}

@Article{Lehmann88,
  author  = {Lehmann, E.},
  title   = {Comparing {L}ocation {E}xperiments},
  journal = {Annals of Statistics},
  year    = {1988},
  volume  = {16},
  number  = {2},
  pages   = {521--533},
}

@Article{QuahStrulovici09,
  author  = {Quah, J. and Strulovici, B.},
  title   = {Comparative {S}tatics, {I}nformativeness, and the {I}nterval {D}ominance {O}rder},
  journal = {Econometrica},
  year    = {2009},
  volume  = {77},
  number  = {6},
  pages   = {1949--1992},
}

@Article{KrishnaSadowski14,
  author  = {Krishna, R. Vijay and Sadowski, Philipp},
  title   = {Dynamic {P}reference for {F}lexibility},
  journal = {Econometrica},
  year    = {2014},
  volume  = {82},
  number  = {2},
  pages   = {655--703},
}

@Article{PiermontTakeokaTeper16,
  author  = {Piermont, Evan and Takeoka, Norio and Teper, Roee},
  title   = {Learning the {K}repsian {S}tate: {E}xploration through {C}onsumption},
  journal = {Games and Economic Behavior},
  year    = {2016},
  volume  = {100},
  pages   = {69--94},
}

@Article{Cooke17,
  author  = {Cooke, Kevin},
  title   = {Preference {D}iscovery and {E}xperimentation},
  journal = {Theoretical Economics},
  year    = {2017},
  volume  = {12},
  number  = {3},
  pages   = {1307--1348},
}

@Article{ApesteguiaBallester16,
  author  = {Apesteguia, Jose and Ballester, Miguel A.},
  title   = {Monotone {S}tochastic {C}hoice {M}odels: {T}he {C}ase of {R}isk and {T}ime {P}references},
  journal = {Journal of Political Economy},
  year    = {2016},
  pages   = {forthcoming},
}

@Article{GulPesendorfer06,
  author  = {Gul, Faruk and Pesendorfer, Wolfgang},
  title   = {Random {E}xpected {U}tility},
  journal = {Econometrica},
  year    = {2006},
  volume  = {74},
  number  = {1},
  pages   = {121--146},
}

@Article{MachinaSchmeidler92,
  author  = {Machina, M. and Schmeidler, D.},
  title   = {A {M}ore {R}obust {D}efinition of {S}ubjective {P}robability},
  journal = {Econometrica},
  year    = {1992},
  volume  = {60},
  number  = {4},
  pages   = {745--780},
}

@Article{Antic14,
  author  = {Anti\'{c}, N.},
  title   = {Contracting with {U}nknown {T}echnologies},
  journal = {mimeo},
  year    = {2014},
}

@Article{BergemannSchlag11,
  author  = {Bergemann, D. and Schlag, K.},
  title   = {Robust {M}onopoly {P}ricing},
  journal = {Journal of Economic Theory},
  year    = {2011},
  volume  = {146},
  number  = {6},
  pages   = {2527--2543},
}

@Article{CarrascoFarinhaLuzKosEtAl18,
  author  = {Carrasco, V. and Farinha Luz, V. and Kos, N. and Messner, M. and Monteiro, P. and Moreira, H.},
  title   = {Optimal {S}elling {M}echanisms {U}nder {M}oment {C}onditions},
  journal = {Journal of Economic Theory},
  year    = {2018},
  volume  = {177},
  pages   = {245--279},
}

@Article{BaillonHalevyLi15,
  author  = {Baillon, A. and Halevy, Y. and Li, C.},
  title   = {Experimental {E}licitation of {A}mbiguity {A}ttitude {U}sing the {R}andom {I}ncentive {S}ystem},
  journal = {mimeo},
  year    = {2015},
}

@InCollection{HansenSargent10,
  author    = {Hansen, L. and Sargent, T.},
  title     = {Wanting {R}obustness in {M}acroeconomics},
  booktitle = {Handbook of Monetary Economics},
  publisher = {North Holland},
  year      = {2010},
  volume    = {3B},
  chapter   = {20},
  pages     = {1097--1157},
}

@Article{EasleyOHaraYang14,
  author  = {Easley, D. and O'Hara, M. and Yang, L.},
  title   = {Opaque {T}rading, {D}isclosure, and {A}sset {P}rices: {I}mplications for {H}edge {F}und {R}egulation},
  journal = {Review of Financial Studies},
  year    = {2014},
  volume  = {27},
  number  = {4},
  pages   = {1190--1237},
}

@Article{Saito11,
  author  = {Saito, K.},
  title   = {Preference for {R}andomization and {A}mbiguity {A}version},
  journal = {mimeo},
  year    = {2011},
}

@Article{DominiakSchnedler11,
  author  = {Dominiak, A. and Schnedler, W.},
  title   = {Attitudes {T}oward {U}ncertainty and {R}andomization: {A}n {E}xperimental {S}tudy},
  journal = {Economic Theory},
  year    = {2011},
  volume  = {48},
  number  = {2--3},
  pages   = {289--312},
}

@Article{Bade15,
  author  = {Bade, S.},
  title   = {Randomization {D}evices and the {E}licitation of {A}mbiguity-{A}verse {P}references},
  journal = {Journal of Economic Theory},
  year    = {2015},
  volume  = {159},
  number  = {A},
  pages   = {221--235},
}

@Article{BoseRenou14,
  author  = {Bose, S. and Renou, L.},
  title   = {Mechanism {D}esign with {A}mbiguous {C}ommunication {D}evices},
  journal = {Econometrica},
  year    = {2014},
  volume  = {82},
  number  = {5},
  pages   = {1853--1872},
}

@Article{BergemannSchlag08,
  author  = {Bergemann, D. and Schlag, K.},
  title   = {Pricing without {P}riors},
  journal = {Journal of the European Economic Association},
  year    = {2008},
  volume  = {6},
  number  = {2/3},
  pages   = {560--569},
}

@Article{Auster18,
  author  = {Auster, S.},
  title   = {Robust {C}ontracting {U}nder {C}ommon {V}alue {U}ncertainty},
  journal = {Theoretical Economics},
  year    = {2018},
  volume  = {13},
  number  = {1},
  pages   = {175--204},
}

@Article{LinhartRadner89,
  author  = {Linhart, P. and Radner, R.},
  title   = {Minimax-{R}egret {S}trategies for {B}argaining over {S}everal {V}ariables},
  journal = {Journal of Economic Theory},
  year    = {1989},
  volume  = {48},
  number  = {1},
  pages   = {152--178},
}

@Article{CastroLiuYannelis17a,
  author  = {de Castro, L. and Liu, Z. and Yannelis, N.},
  title   = {Ambiguous {I}mplementation: {T}he {P}artition {M}odel},
  journal = {Economic Theory},
  year    = {2017},
  volume  = {63},
  number  = {1},
  pages   = {233--261},
}

@Article{CastroLiuYannelis17b,
  author  = {de Castro, L. and Liu, Z. and Yannelis, N.},
  title   = {Implementation {U}nder {A}mbiguity},
  journal = {Games and Economic Behavior},
  year    = {2017},
  volume  = {101},
  pages   = {20--33},
}

@Article{CastroYannelis18,
  author  = {de Castro, L. and Yannelis, N.},
  title   = {Uncertainty, {E}fficiency and {I}ncentive {C}ompatibility: {A}mbiguity {S}olves the {C}onflict {B}etween {E}fficiency and {I}ncentive {C}ompatibility},
  journal = {Journal of Economic Theory},
  year    = {2018},
  volume  = {177},
  pages   = {678--707},
}

@Article{BoseOzdenorenPape06,
  author  = {Bose, S. and Ozdenoren, E. and Pape, A.},
  title   = {Optimal {A}uctions with {A}mbiguity},
  journal = {Theoretical Economics},
  year    = {2006},
  volume  = {1},
  number  = {4},
  pages   = {411--438},
}

@Article{BoseDaripa09,
  author  = {Bose, S. and Daripa, A.},
  title   = {A {D}ynamic {M}echanism and {S}urplus {E}xtraction {U}nder {A}mbiguity},
  journal = {Journal of Economic Theory},
  year    = {2009},
  volume  = {144},
  number  = {5},
  pages   = {2084--2114},
}

@Article{Carroll15,
  author  = {Carroll, G.},
  title   = {Robustness and {L}inear {C}ontracts},
  journal = {American Economic Review},
  year    = {2015},
  volume  = {105},
  number  = {2},
  pages   = {536--563},
}

@Article{Carroll17,
  author  = {Carroll, G.},
  title   = {Robustness and {S}eparation in {M}ultidimensional {S}creening},
  journal = {Econometrica},
  year    = {2017},
  volume  = {85},
  number  = {2},
  pages   = {453--488},
}

@Article{CarrollSegal18,
  author  = {Carroll, G. and Segal, I.},
  title   = {Robustly {O}ptimal {A}uctions with {U}nknown {R}esale {O}pportunities},
  journal = {Review of Economic Studies},
  year    = {2018},
  volume  = {forthcoming},
}

@Article{EasleyOHara10,
  author  = {Easley, D. and O'Hara, M.},
  title   = {Microstructure and {A}mbiguity},
  journal = {Journal of Finance},
  year    = {2010},
  volume  = {65},
  number  = {5},
  pages   = {1817--1846},
}

@Article{IlutKehrigSchneider17,
  author  = {Ilut, C. and Kehrig, M. and Schneider, M.},
  title   = {Slow to {H}ire, {Q}uick to {F}ire: {E}mployment {D}ynamics with {A}symmetric {R}esponses to {N}ews},
  journal = {Journal of Political Economy},
  year    = {2018},
  volume  = {126},
  number  = {5},
  pages   = {2011--2071},
}

@Article{EpsteinSchneider10,
  author  = {Epstein, L. and Schneider, M.},
  title   = {Ambiguity and {A}sset {M}arkets},
  journal = {Annual Review of Financial Economics},
  year    = {2010},
  volume  = {2},
  pages   = {315--346},
}

@Article{Lehmann55,
  author  = {Lehmann, E.},
  title   = {Ordered {F}amilies of {D}istributions},
  journal = {Annals of Mathematical Statistics},
  year    = {1955},
  volume  = {26},
  number  = {3},
  pages   = {399--419},
}

@Article{ChambersEchenique18,
  author  = {Chambers, C. and Echenique, F.},
  title   = {On {M}ultiple {D}iscount {R}ates},
  journal = {Econometrica},
  year    = {2018},
  volume  = {86},
  number  = {4},
  pages   = {1325--1346},
}

@Article{ZhangZhong19,
  author  = {Zhang, X. and Zhong, S.},
  title   = {Putting {P}reference for {R}andomization to {W}ork},
  journal = {mimeo},
  year    = {2019},
}

@Article{ChewMiaoShenEtAl19,
  author  = {Chew, S. and Miao, B. and Shen, Q. and Zhong, S.},
  title   = {Deliberate {R}andomization in {C}hoice-{L}ist {E}licitation of {R}isk {P}reference},
  journal = {mimeo},
  year    = {2019},
}

@Article{Machina85,
  author  = {Machina, M.},
  title   = {Stochastic {C}hoice {F}unctions {G}enerated from {D}eterministic {P}references over {L}otteries},
  journal = {Economic Journal},
  year    = {1985},
  volume  = {95},
  pages   = {575--594},
}

@Article{Cerreia-VioglioDillenbergerOrtolevaEtAl19,
  author  = {Cerreia-Vioglio, S. and Dillenberger, D. and Ortoleva, P. and Riella, G.},
  title   = {Deliberately {S}tochastic},
  journal = {American Economic Review},
  year    = {2019},
  volume  = {forthcoming},
}

@Book{BenyaminiLindenstrauss98,
  title     = {Geometric Nonlinear Functional Analysis},
  publisher = {American Mathematical Society},
  year      = {1998},
  author    = {Benyamini, Y. and Lindenstrauss, J.},
  volume    = {1},
  series    = {Colloquium Publications, Vol. 48},
  address   = {Providence, RI},
}

@Book{AliprantisBorder06,
  title     = {Infinite Dimensional Analysis},
  publisher = {Springer-Verlag},
  year      = {2006},
  author    = {Aliprantis, D. and Border, K.},
  address   = {Berlin Heidelberg},
  edition   = {3},
}

@Article{HaraOkRiella19,
  author  = {Hara, K. and Ok, E. and Riella, G.},
  title   = {Coalitional {E}xpected {M}ulti-{U}tility {T}heory},
  journal = {Econometrica},
  year    = {2019},
  volume  = {forthcoming},
}

@Article{RothschildStiglitz70,
  author  = {Rothschild, M. and Stiglitz, J.},
  title   = {Increasing {R}isk: {I}. {A} {D}efinition},
  journal = {Journal of Economic Theory},
  year    = {1970},
  volume  = {2},
  number  = {3},
  pages   = {225--243},
}

@Article{DubraMaccheroniOk04,
  author  = {Dubra, J. and Maccheroni, F. and Ok, E.},
  title   = {Expected {U}tility {T}heory without the {C}ompleteness {A}xiom},
  journal = {Journal of Economic Theory},
  year    = {2004},
  volume  = {115},
  number  = {1},
  pages   = {118--133},
}

@Article{Cerreia-VioglioMaccheroniMarinacci17,
  author  = {Cerreia-Vioglio, S. and Maccheroni, F. and Marinacci, M.},
  title   = {Stochastic {D}ominance {A}nalysis without the {I}ndependence {A}xiom},
  journal = {Management Science},
  year    = {2017},
  volume  = {63},
  number  = {4},
  pages   = {1097--1109},
}

@Article{Cerreia-Vioglio09,
  author  = {Cerreia-Vioglio, S.},
  title   = {Maxmin {E}xpected {U}tility on a {S}ubjective {S}tate {S}pace: {C}onvex {P}references under {R}isk},
  journal = {mimeo},
  year    = {2009},
}

@Article{OechsslerRauRoomets19,
  author  = {Oechssler, J. and Rau, H. and Roomets, A.},
  title   = {Hedging, {A}mbiguity, and the {R}eversal of {O}rder {A}xiom},
  journal = {Games and Economic Behavior},
  year    = {2019},
  volume  = {117},
  pages   = {380--387},
}

@Article{Nehring01,
  author  = {Nehring, K.},
  title   = {Ambiguity in the {C}ontext of {P}robabilistic {B}eliefs},
  journal = {mimeo},
  year    = {2001},
}

@Article{LehrerTeper11,
  author  = {Lehrer, E. and Teper, R.},
  title   = {Justifiable {P}references},
  journal = {Journal of Economic Theory},
  year    = {2011},
  volume  = {146},
  number  = {2},
  pages   = {762--774},
}

@Article{FrickIijimaLeYaouanq19,
  author  = {Frick, M. and Iijima, R. and Le Yaouanq, Y.u},
  title   = {Boolean {R}epresentations of {P}references under {A}mbiguity},
  journal = {mimeo},
  year    = {2019},
}

@Comment{jabref-meta: databaseType:bibtex;}
